<?xml version="1.0" encoding="UTF-8"?><record xmlns="http://www.loc.gov/MARC21/slim" xmlns:cinclude="http://apache.org/cocoon/include/1.0" xmlns:zs="http://www.loc.gov/zing/srw/">
  <leader>01185cz  a2200217n  4500</leader>
  <controlfield tag="001">no2003036213</controlfield>
  <controlfield tag="003">DLC</controlfield>
  <controlfield tag="005">20061018075129.0</controlfield>
  <controlfield tag="008">030410n| acannaabn          |a aaa     c</controlfield>
  <datafield tag="010" ind1=" " ind2=" ">
    <subfield code="a">no2003036213</subfield>
    <subfield code="z">n  00003621 </subfield>
  </datafield>
  <datafield tag="035" ind1=" " ind2=" ">
    <subfield code="a">(OCoLC)oca06022022</subfield>
  </datafield>
  <datafield tag="040" ind1=" " ind2=" ">
    <subfield code="a">MX-SlUA</subfield>
    <subfield code="b">eng</subfield>
    <subfield code="c">MX-SlUA</subfield>
    <subfield code="d">MX-MxITA</subfield>
    <subfield code="d">DLC</subfield>
  </datafield>
  <datafield tag="100" ind1="1" ind2=" ">
    <subfield code="a">Cairó Battistutti, Osvaldo</subfield>
  </datafield>
  <datafield tag="400" ind1="1" ind2=" ">
    <subfield code="a">Battistutti, Osvaldo Cairó</subfield>
  </datafield>
  <datafield tag="400" ind1="1" ind2=" ">
    <subfield code="a">Cairó, Osvaldo</subfield>
  </datafield>
  <datafield tag="400" ind1="1" ind2=" ">
    <subfield code="a">Cairó Battistutti, Osvaldo Gabriel</subfield>
  </datafield>
  <datafield tag="400" ind1="1" ind2=" ">
    <subfield code="a">Battistutti, Osvaldo Gabriel Cairó</subfield>
  </datafield>
  <datafield tag="670" ind1=" " ind2=" ">
    <subfield code="a">Metodología de la programación, c1995:</subfield>
    <subfield code="b">t.p. (Osvaldo Cairó Battistutti) p. v (Osvaldo Cairó)</subfield>
  </datafield>
  <datafield tag="670" ind1=" " ind2=" ">
    <subfield code="a">Mexican International conference on Artificial Intelligence (1st : 2000 : Acapulco, Mexico). MICAI 2000, 2000:</subfield>
    <subfield code="b">CIP t.p. (Osvaldo Cairo) t.p. verso (Inst. Tecnológico Autónomo de México (ITAM), Dept. of Computer Science, Progreso Tizapan, Mexico)</subfield>
  </datafield>
  <datafield tag="670" ind1=" " ind2=" ">
    <subfield code="a">Instituto Tecnológico Autónomo de México, Departamento Académico de Computación, WWW home page, Ago. 2, 2006:</subfield>
    <subfield code="b">(Osvaldo Gabriel Cairó Battistutti)</subfield>
  </datafield>
  <datafield tag="670" ind1=" " ind2=" ">
    <subfield code="a">OCLC, 5 Oct. 2006</subfield>
    <subfield code="b">(hdg.: Cairo, Osvaldo, 1960-; usage: Osvaldo Cairo Battistutti, Osvaldo Cairo)</subfield>
  </datafield>
</record>